@BOOK{afnan,
AUTHOR="John Doe",
TITLE="The Book without Title",
PUBLISHER="Dummy Publisher",
YEAR="2100",
}

@ARTICLE{sihat,
    AUTHOR="John Doe",
    TITLE="Title",
    JOURNAL="Journal",
    YEAR="2017",
}
